@article{Schu2015Nature,
  title={Nature Methods: Light-sheet Fluorescence Microscopy - Method of the Year 2014},
  author={Schu¨¦, Anja},
  year={2015},
}

@Misc{Baidu,
howpublished = {\url{https://baike.baidu.com/item/%E6%9F%B1%E9%9D%A2%E9%95%9C/7456710}},
title = {Zhumianjing},
author = {Baidu Baike}
}

@article{Lim2014Light,
  title={Light sheet fluorescence microscopy (LSFM): past, present and future.},
  author={Lim, J and Lee, H. K. and Yu, W. and Ahmed, S},
  journal={Analyst},
  volume={139},
  number={19},
  pages={4758-4768},
  year={2014},
}


@inproceedings{xue,
  title={Imaging Quality Analysis of Diffraction Tomography Imaging Systems},
  author={Ruifeng Xue,Bin Yuan and Junfa Mao},
  booktitle={NCMMW2003},
  year={2003},
}
@article{Pampaloni2015Light,
  title={Light sheet-based fluorescence microscopy (LSFM) for the quantitative imaging of cells and tissues},
  author={Pampaloni, Francesco and Chang, Bo Jui and Stelzer, Ernst H. K.},
  journal={Cell&Tissue Research},
  volume={360},
  number={1},
  pages={129-141},
  year={2015},
}
